<collection xmlns="http://www.loc.gov/MARC21/slim">
<record>
  <leader>02061nam0a22003251i 450 </leader>
  <controlfield tag="001">IT\ICCU\CNCE\059118</controlfield>
  <controlfield tag="005">20100415000000.0</controlfield>
  <datafield tag="100" ind1=" " ind2=" ">
    <subfield code="a">20040913g15221523    0itac0103    ba</subfield>
  </datafield>
  <datafield tag="101" ind1=" " ind2=" ">
    <subfield code="a">LAT</subfield>
  </datafield>
  <datafield tag="102" ind1=" " ind2=" ">
    <subfield code="a">IT</subfield>
  </datafield>
  <datafield tag="200" ind1="1" ind2=" ">
    <subfield code="a">Volumina quinque Consiliorum iuris vtriusque doctoris consummatissimi Alexandri Tartagni Imolensis cum quibuscumque consilijs ex multis exemplaribus vndecumque collectis: demum per ipsum editis. additis insuper vnicuique consilio summarijs ac numeris consilio rendentibus per i. u. accutissimum interpretem &amp; regium consiliarium dominum Ioannem de Gradibus. ... Primum volumen cons. Alexa</subfield>
  </datafield>
  <datafield tag="210" ind1=" " ind2=" ">
    <subfield code="a">\Trino</subfield>
    <subfield code="c">Giovanni Giolito De Ferrari il vecchio!</subfield>
    <subfield code="e">Tridini</subfield>
    <subfield code="g">sumptibusque domini Ioannis Ferraijs alias de Iolitis</subfield>
    <subfield code="h">1522 die x Octobris</subfield>
  </datafield>
  <datafield tag="215" ind1=" " ind2=" ">
    <subfield code="a">6 v.</subfield>
    <subfield code="d">fol</subfield>
  </datafield>
  <datafield tag="300" ind1=" " ind2=" ">
    <subfield code="a">5.: 1523. - 6: Repertorium seu index alphabeticus super quinque voluminibus Consiliorum</subfield>
  </datafield>
  <datafield tag="423" ind1=" " ind2="0">
    <subfield code="1">001IT\ICCU\CNCE\059119</subfield>
    <subfield code="1">2001 </subfield>
    <subfield code="a">Repertorium seu index alphabeticus super quinque voluminibus Consiliorum ... .</subfield>
  </datafield>
  <datafield tag="620" ind1=" " ind2=" ">
    <subfield code="a">IT</subfield>
    <subfield code="d">Trino</subfield>
  </datafield>
  <datafield tag="700" ind1=" " ind2="1">
    <subfield code="a">Tartagni,</subfield>
    <subfield code="b">Alessandro</subfield>
    <subfield code="3">IT\ICCU\CNCA\001036</subfield>
  </datafield>
  <datafield tag="702" ind1=" " ind2="1">
    <subfield code="a">Gradi,</subfield>
    <subfield code="b">Jean</subfield>
    <subfield code="3">IT\ICCU\CNCA\001007</subfield>
  </datafield>
  <datafield tag="712" ind1="0" ind2="0">
    <subfield code="a">Giolito De Ferrari, Giovanni</subfield>
    <subfield code="c"> &lt;1.&gt;</subfield>
    <subfield code="3">IT\ICCU\CNCT\000472</subfield>
    <subfield code="4">650</subfield>
  </datafield>
  <datafield tag="790" ind1=" " ind2="0">
    <subfield code="a">Alessandro</subfield>
    <subfield code="c"> : d&apos;Imola</subfield>
    <subfield code="3">IT\ICCU\CNCA\007562</subfield>
    <subfield code="z">Tartagni, Alessandro</subfield>
  </datafield>
  <datafield tag="790" ind1=" " ind2="1">
    <subfield code="a">Tartagna,</subfield>
    <subfield code="b">Alessandro</subfield>
    <subfield code="3">IT\ICCU\CNCA\014966</subfield>
    <subfield code="z">Tartagni, Alessandro</subfield>
  </datafield>
  <datafield tag="790" ind1=" " ind2="0">
    <subfield code="a">Alexander</subfield>
    <subfield code="c"> : Imolensis</subfield>
    <subfield code="3">IT\ICCU\CNCA\014967</subfield>
    <subfield code="z">Tartagni, Alessandro</subfield>
  </datafield>
  <datafield tag="790" ind1=" " ind2="1">
    <subfield code="a">Tartagnus,</subfield>
    <subfield code="b">Alexander</subfield>
    <subfield code="3">IT\ICCU\CNCA\020820</subfield>
    <subfield code="z">Tartagni, Alessandro</subfield>
  </datafield>
  <datafield tag="790" ind1=" " ind2="1">
    <subfield code="a">Gradibus,</subfield>
    <subfield code="b">Ioannes de</subfield>
    <subfield code="3">IT\ICCU\CNCA\014248</subfield>
    <subfield code="z">Gradi, Jean</subfield>
  </datafield>
  <datafield tag="790" ind1=" " ind2="1">
    <subfield code="a">Gradi,</subfield>
    <subfield code="b">Giovanni</subfield>
    <subfield code="3">IT\ICCU\CNCA\014250</subfield>
    <subfield code="z">Gradi, Jean</subfield>
  </datafield>
  <datafield tag="790" ind1=" " ind2="1">
    <subfield code="a">De_Gradibus,</subfield>
    <subfield code="b">Ioannes</subfield>
    <subfield code="3">IT\ICCU\CNCA\019177</subfield>
    <subfield code="z">Gradi, Jean</subfield>
  </datafield>
  <datafield tag="791" ind1="0" ind2="0">
    <subfield code="a">Iolitus, Ioannes</subfield>
    <subfield code="3">IT\ICCU\CNCT\003848</subfield>
    <subfield code="z">Giolito De Ferrari, Giovanni &lt;1.&gt;</subfield>
  </datafield>
  <datafield tag="791" ind1="0" ind2="0">
    <subfield code="a">Giolitto, Giovanni</subfield>
    <subfield code="3">IT\ICCU\CNCT\004887</subfield>
    <subfield code="z">Giolito De Ferrari, Giovanni &lt;1.&gt;</subfield>
  </datafield>
  <datafield tag="791" ind1="0" ind2="0">
    <subfield code="a">Giolitus, Ioannes alias Ferrarius</subfield>
    <subfield code="3">IT\ICCU\CNCT\004888</subfield>
    <subfield code="z">Giolito De Ferrari, Giovanni &lt;1.&gt;</subfield>
  </datafield>
  <datafield tag="801" ind1=" " ind2="3">
    <subfield code="a">IT</subfield>
    <subfield code="b">ICCU</subfield>
    <subfield code="c">20201115</subfield>
  </datafield>
</record>
</collection>
